@inproceedings{forte08,
  author    = {Parosh Aziz Abdulla and
               Noomene Ben Henda and
               Giorgio Delzanno and
               Fr{\'{e}}d{\'{e}}ric Haziza and
               Ahmed Rezine},
  title     = {Parameterized Tree Systems},
  booktitle = {Formal Techniques for Networked and Distributed Systems - {FORTE}
               2008, 28th {IFIP} {WG} 6.1 International Conference, Tokyo, Japan,
               June 10-13, 2008, Proceedings},
  editor    = {Kenji Suzuki and
               Teruo Higashino and
               Keiichi Yasumoto and
               Khaled El{-}Fakih},
  series    = {Lecture Notes in Computer Science},
  volume    = {5048},
  publisher = {Springer},
  pages     = {69--83},
  year      = {2008},
  url       = {http://dx.doi.org/10.1007/978-3-540-68855-6_5},
  doi       = {10.1007/978-3-540-68855-6_5},
  timestamp = {Tue, 03 Jun 2008 08:35:54 +0200}
}


@inproceedings{cav08,
  author    = {Parosh Aziz Abdulla and
               Ahmed Bouajjani and
               Jonathan Cederberg and
               Fr{\'{e}}d{\'{e}}ric Haziza and
               Ahmed Rezine},
  title     = {Monotonic Abstraction for Programs with Dynamic Memory Heaps},
  booktitle = {Computer Aided Verification, 20th International Conference, {CAV}
               2008, Princeton, NJ, USA, July 7-14, 2008, Proceedings},
  editor    = {Aarti Gupta and
               Sharad Malik},
  series    = {Lecture Notes in Computer Science},
  volume    = {5123},
  publisher = {Springer},
  pages     = {341--354},
  year      = {2008},
  url       = {http://dx.doi.org/10.1007/978-3-540-70545-1_33},
  doi       = {10.1007/978-3-540-70545-1_33},
  timestamp = {Tue, 08 Jul 2008 14:46:07 +0200}
}

@article{mcc08,
  author    = {Parosh Aziz Abdulla and
               Fr{\'{e}}d{\'{e}}ric Haziza and
               Mats Kindahl},
  title     = {Model checking race-freeness},
  journal   = {{SIGARCH} Computer Architecture News},
  volume    = {36},
  number    = {5},
  pages     = {72--79},
  year      = {2008},
  url       = {http://doi.acm.org/10.1145/1556444.1556454},
  doi       = {10.1145/1556444.1556454},
  timestamp = {Tue, 13 Apr 2010 13:49:18 +0200}
}

@inproceedings{vmcai2013,
  author    = {Parosh Aziz Abdulla and
               Fr{\'{e}}d{\'{e}}ric Haziza and
               Luk{\'{a}}s Hol{\'{\i}}k},
  title     = {All for the Price of Few (Parameterized Verification )},
  booktitle = {Verification, Model Checking, and Abstract Interpretation, 14th International
               Conference, {VMCAI} 2013, Rome, Italy, January 20-22, 2013. Proceedings},
  series    = {Lecture Notes in Computer Science},
  volume    = {7737},
  publisher = {Springer},
  pages     = {476--495},
  year      = {2013},
  url       = {http://dx.doi.org/10.1007/978-3-642-35873-9_28},
  doi       = {10.1007/978-3-642-35873-9_28},
  timestamp = {Fri, 25 Jan 2013 09:43:18 +0100}
}

@inproceedings{tacas2013,
  author    = {Parosh Aziz Abdulla and
               Fr{\'{e}}d{\'{e}}ric Haziza and
               Luk{\'{a}}s Hol{\'{\i}}k and
               Bengt Jonsson and
               Ahmed Rezine},
  title     = {An Integrated Specification and Verification Technique for Highly
               Concurrent Data Structures},
  booktitle = {Tools and Algorithms for the Construction and Analysis of Systems
               - 19th International Conference, {TACAS} 2013, Held as Part of the
               European Joint Conferences on Theory and Practice of Software, {ETAPS}
               2013, Rome, Italy, March 16-24, 2013. Proceedings},
  editor    = {Nir Piterman and
               Scott A. Smolka},
  series    = {Lecture Notes in Computer Science},
  volume    = {7795},
  publisher = {Springer},
  pages     = {324--338},
  year      = {2013},
  url       = {http://dx.doi.org/10.1007/978-3-642-36742-7_23},
  doi       = {10.1007/978-3-642-36742-7_23},
  timestamp = {Mon, 18 Feb 2013 14:43:46 +0100}
}

@inproceedings{sas2014,
  author    = {Parosh Aziz Abdulla and
               Fr{\'{e}}d{\'{e}}ric Haziza and
               Luk{\'{a}}s Hol{\'{\i}}k},
  title     = {Block Me If You Can! - Context-Sensitive Parameterized Verification},
  booktitle = {Static Analysis - 21st International Symposium, {SAS} 2014, Munich,
               Germany, September 11-13, 2014. Proceedings},
  editor    = {Markus M{\"{u}}ller{-}Olm and
               Helmut Seidl},
  series    = {Lecture Notes in Computer Science},
  volume    = {8723},
  publisher = {Springer},
  pages     = {1--17},
  year      = {2014},
  url       = {http://dx.doi.org/10.1007/978-3-319-10936-7_1},
  doi       = {10.1007/978-3-319-10936-7_1},
  timestamp = {Mon, 15 Sep 2014 15:53:04 +0200}
}

